[gd_scene load_steps=8 format=2]

[ext_resource path="res://Assets/Pizzeria.glb" type="PackedScene" id=1]
[ext_resource path="res://Assets/Buildings/StaticBuilding.gd" type="Script" id=2]

[sub_resource type="BoxShape" id=1]
extents = Vector3( 10, 2.5, 10 )

[sub_resource type="BoxShape" id=2]
extents = Vector3( 11, 0.25, 11 )

[sub_resource type="BoxShape" id=3]
extents = Vector3( 0.25, 0.5, 11 )

[sub_resource type="BoxShape" id=4]
extents = Vector3( 0.25, 1.5, 4 )

[sub_resource type="BoxShape" id=5]
extents = Vector3( 0.25, 1.5, 2 )

[node name="Pizzeria" instance=ExtResource( 1 )]
script = ExtResource( 2 )
color = Color( 0.914062, 0.902458, 0.856934, 1 )
global_name = "pizzeria"

[node name="Pizzeria" parent="." index="0"]
transform = Transform( 1, 0, 0, 0, 1, 0, 0, 0, 1, 0, 0, 0 )

[node name="StaticBody" type="StaticBody" parent="." index="1"]

[node name="CollisionShape" type="CollisionShape" parent="StaticBody" index="0"]
transform = Transform( 1, 0, 0, 0, 1, 0, 0, 0, 1, 0, 1.5, 0 )
shape = SubResource( 1 )

[node name="CollisionShape2" type="CollisionShape" parent="StaticBody" index="1"]
transform = Transform( 1, 0, 0, 0, 1, 0, 0, 0, 1, 0, 4.25, 0 )
shape = SubResource( 2 )

[node name="CollisionShape3" type="CollisionShape" parent="StaticBody" index="2"]
transform = Transform( 1, 0, 0, 0, 1, 0, 0, 0, 1, 10.75, 4.5, 0 )
shape = SubResource( 3 )

[node name="CollisionShape4" type="CollisionShape" parent="StaticBody" index="3"]
transform = Transform( 1, 0, 0, 0, 1, 0, 0, 0, 1, -10.75, 4.5, 0 )
shape = SubResource( 3 )

[node name="CollisionShape5" type="CollisionShape" parent="StaticBody" index="4"]
transform = Transform( -4.37114e-08, 0, 1, 0, 1, 0, -1, 0, -4.37114e-08, 0, 4.5, 10.75 )
shape = SubResource( 3 )

[node name="CollisionShape6" type="CollisionShape" parent="StaticBody" index="5"]
transform = Transform( -4.37114e-08, 0, 1, 0, 1, 0, -1, 0, -4.37114e-08, 0, 4.5, -10.75 )
shape = SubResource( 3 )

[node name="CollisionShape7" type="CollisionShape" parent="StaticBody" index="6"]
transform = Transform( -4.37114e-08, 0, 1, 0, 1, 0, -1, 0, -4.37114e-08, 0, 5.5, 10 )
shape = SubResource( 4 )

[node name="CollisionShape8" type="CollisionShape" parent="StaticBody" index="7"]
transform = Transform( -4.37114e-08, 0, 1, 0, 1, 0, -1, 0, -4.37114e-08, 2, 8, 10 )
shape = SubResource( 5 )

[node name="VisibilityNotifier" type="VisibilityNotifier" parent="." index="2"]
aabb = AABB( -13, -3, -30, 26, 14, 60 )

[node name="MissionPos" type="Position3D" parent="." index="3"]
transform = Transform( 1, 0, 0, 0, 1, 0, 0, 0, 1, 0, 0, 13 )

[connection signal="screen_entered" from="VisibilityNotifier" to="." method="_on_VisibilityNotifier_screen_entered"]
[connection signal="screen_exited" from="VisibilityNotifier" to="." method="_on_VisibilityNotifier_screen_exited"]
